@online{biblatex,
  title = {Biblatex â€“ Sophisticated Bibliographies in LaTeX},
  publisher = {Dansk Standard},
  year = {2018},
  author = {Philipp Lehman AND Joseph Wright AND Audrey Boruvka AND Philip Kime},
  url = {https://www.ctan.org/pkg/biblatex}
}

@article{park2023,
  title = {Generative Agents: Interactive Simulacra of Human Behavior},
  author = {Park, Joon Sung and O'Brien, Joseph C. and Cai, Carrie J. and Morris, Meredith Ringel and Liang, Percy and Bernstein, Michael S.},
  journal = {arXiv preprint arXiv:2304.03442},
  year = {2023}
}

@article{zhao2023,
  title = {Neuro-Symbolic Planning for Enhanced LLM Reasoning},
  author = {Zhao, Wei and Wang, Li and Chen, Ming},
  journal = {arXiv preprint},
  year = {2023},
  note = {Example citation for demonstration purposes}
}

